<?xml version="1.0" encoding="UTF-8"?><collection xmlns="http://www.loc.gov/MARC21/slim"><record><leader>00534nam--2200133-i-4500</leader><controlfield tag="001">000008559</controlfield><controlfield tag="002">20161230</controlfield><controlfield tag="005">20161230201027</controlfield><controlfield tag="008">060222s1000------------r-----000-0-eng-d</controlfield><datafield ind1=" " ind2=" " tag="080"><subfield code="a">541.128:66.097</subfield></datafield><datafield ind1=" " ind2=" " tag="245"><subfield code="a">La catalyse au laboratoire et dans l`industrie recuil de travaux des sessions de perfectionne ment, institut national des sciences appliquee s, lyon, nrr.2. coordonnateur b.claudel</subfield></datafield><datafield ind1=" " ind2=" " tag="260"><subfield code="a">Paris, Masson Et C-ie, 1967. 330 P</subfield></datafield><datafield ind1=" " ind2=" " tag="490"><subfield code="a">(Monographies Du Centre D`Actualisation Scient Ifique Et Technique)</subfield></datafield><datafield ind1=" " ind2=" " tag="852"><subfield code="a">29192</subfield></datafield></record></collection>